@article{You2018,
  title = {Waveguide quantum electrodynamics in squeezed vacuum},
  author = {You, Jieyu and Liao, Zeyang and Li, Sheng-Wen and Zubairy, M. Suhail},
  journal = {Phys. Rev. A},
  volume = {97},
  issue = {2},
  pages = {023810},
  numpages = {15},
  year = {2018},
  month = {Feb},
  publisher = {American Physical Society},
  doi = {10.1103/PhysRevA.97.023810},
}


@article{ficek1991three,
  title = {Three-level atom in a broadband squeezed vacuum field. I. General theory},
  author = {Ficek, Z. and Drummond, P. D.},
  journal = {Phys. Rev. A},
  volume = {43},
  issue = {11},
  pages = {6247--6257},
  numpages = {0},
  year = {1991},
  month = {Jun},
  publisher = {American Physical Society},
  doi = {10.1103/PhysRevA.43.6247},
}

@article{ficek1991three2,
  title = {Three-level atom in a broadband squeezed vacuum field. II. Applications},
  author = {Ficek, Z. and Drummond, P. D.},
  journal = {Phys. Rev. A},
  volume = {43},
  issue = {11},
  pages = {6258--6271},
  numpages = {0},
  year = {1991},
  month = {Jun},
  publisher = {American Physical Society},
  doi = {10.1103/PhysRevA.43.6258},
}

@article{shen2005coherent,
  title = {Coherent Single Photon Transport in a One-Dimensional Waveguide Coupled with Superconducting Quantum Bits},
  author = {Shen, Jung-Tsung and Fan, Shanhui},
  journal = {Phys. Rev. Lett.},
  volume = {95},
  issue = {21},
  pages = {213001},
  numpages = {4},
  year = {2005},
  month = {Nov},
  publisher = {American Physical Society},
  doi = {10.1103/PhysRevLett.95.213001},
}

@article{shen2007strongly,
  title = {Strongly Correlated Two-Photon Transport in a One-Dimensional Waveguide Coupled to a Two-Level System},
  author = {Shen, Jung-Tsung and Fan, Shanhui},
  journal = {Phys. Rev. Lett.},
  volume = {98},
  issue = {15},
  pages = {153003},
  numpages = {4},
  year = {2007},
  month = {Apr},
  publisher = {American Physical Society},
  doi = {10.1103/PhysRevLett.98.153003},
}

@article{yudson2008multiphoton,
  title = {Multiphoton scattering in a one-dimensional waveguide with resonant atoms},
  author = {Yudson, V. I. and Reineker, P.},
  journal = {Phys. Rev. A},
  volume = {78},
  issue = {5},
  pages = {052713},
  numpages = {10},
  year = {2008},
  month = {Nov},
  publisher = {American Physical Society},
  doi = {10.1103/PhysRevA.78.052713},
}

@article{liao2015single,
  title = {Single-photon transport through an atomic chain coupled to a one-dimensional nanophotonic waveguide},
  author = {Liao, Zeyang and Zeng, Xiaodong and Zhu, Shi-Yao and Zubairy, M. Suhail},
  journal = {Phys. Rev. A},
  volume = {92},
  issue = {2},
  pages = {023806},
  numpages = {12},
  year = {2015},
  month = {Aug},
  publisher = {American Physical Society},
  doi = {10.1103/PhysRevA.92.023806},
}

@article{liao2016dynamical,
  title = {Dynamical theory of single-photon transport in a one-dimensional waveguide coupled to identical and nonidentical emitters},
  author = {Liao, Zeyang and Nha, Hyunchul and Zubairy, M. Suhail},
  journal = {Phys. Rev. A},
  volume = {94},
  issue = {5},
  pages = {053842},
  numpages = {15},
  year = {2016},
  month = {Nov},
  publisher = {American Physical Society},
  doi = {10.1103/PhysRevA.94.053842},
}

@article{liao2016review,
  title={Photon transport in a one-dimensional nanophotonic waveguide QED system},
  author={Liao, Zeyang and Zeng, Xiaodong and Nha, Hyunchul and Zubairy, M Suhail},
  journal={Physica Scripta},
  volume={91},
  number={6},
  pages={063004},
  year={2016},
  publisher={IOP Publishing}
}

@article{roy2017review,
  title = {Colloquium: Strongly interacting photons in one-dimensional continuum},
  author = {Roy, Dibyendu and Wilson, C. M. and Firstenberg, Ofer},
  journal = {Rev. Mod. Phys.},
  volume = {89},
  issue = {2},
  pages = {021001},
  numpages = {23},
  year = {2017},
  month = {May},
  publisher = {American Physical Society},
  doi = {10.1103/RevModPhys.89.021001},
}

@article{ficek1993two,
	year = 1993,
	month = {nov},
	publisher = {{IOP} Publishing},
	volume = {24},
	number = {6},
	pages = {455--460},
	author = {Z Ficek and P. D Drummond},
	title = {Two-Photon Population Inversion by Squeezed Light in a Fabry-Perot Microcavity},
	journal = {Europhysics Letters ({EPL})},
}

@article{Bogoliubov,
  title={On the theory of superfluidity},
  author={Bogoliubov, N},
  journal={J. Phys},
  volume={11},
  number={1},
  pages={23},
  year={1947}
}
@article{An,
  title={Production of squeezed state of single mode cavity field by the coupling of squeezed vacuum field reservoir in nonautonomous case},
  author={Jun-Hong, An and Shun-Jin, Wang and Hong-Gang, Luo and Cheng-Long, Jia},
  journal={Chinese Physics Letters},
  volume={21},
  number={1},
  pages={1},
  year={2004},
  publisher={IOP Publishing}
}

@book{Ficek2005,
  title={Quantum interference and coherence: theory and experiments},
  author={Ficek, Zbigniew and Swain, Stuart},
  volume={100},
  year={2005},
  publisher={Springer Science \& Business Media}
}

@book{scully1999quantum, place={Cambridge}, title={Quantum Optics}, DOI={10.1017/CBO9780511813993}, publisher={Cambridge University Press}, author={Scully, Marlan O. and Zubairy, M. Suhail}, year={1997}}

@article{tanas2004stationary,
  title={Stationary two-atom entanglement induced by nonclassical two-photon correlations},
  author={Tana{\'s}, R and Ficek, Z},
  journal={Journal of Optics B: Quantum and Semiclassical Optics},
  volume={6},
  number={6},
  pages={S610},
  year={2004},
  publisher={IOP Publishing}
}

@book{svelto1998principles,
  title={Principles of Lasers},
  author={Svelto, O.},
  lccn={2009940423},
  year={2010},
  publisher={Springer US}
}


@article{purcell1946purcell,
  title={EM Purcell, Phys. Rev. 69, 681 (1946).},
  author={Purcell, EM},
  journal={Phys. Rev.},
  volume={69},
  pages={681},
  year={1946}
}

@article{gardiner1986cw,
  title={CW Gardiner, Phys. Rev. Lett. 56, 1917 (1986).},
  author={Gardiner, CW},
  journal={Phys. Rev. Lett.},
  volume={56},
  pages={1917},
  year={1986}
}

@article{collett1984mj,
  title={MJ Collett and CW Gardiner, Phys. Rev. A 30, 1386 (1984).},
  author={Collett, MJ},
  journal={Phys. Rev. A},
  volume={30},
  pages={1386},
  year={1984}
}

@article{gea1988vacuum,
  title={Vacuum fluctuations and spontaneous emission in quantum optics},
  author={Gea-Banacloche, J and Scully, MO and Zubairy, MS},
  journal={Physica Scripta},
  volume={1988},
  number={T21},
  pages={81},
  year={1988},
  publisher={IOP Publishing}
}


@article{gardiner1987cw,
  title={CW Gardiner, AS Parkins and MJ Collett, J. Opt. Soc. Am. B 4, 1683 (1987).},
  author={Gardiner, CW},
  journal={J. Opt. Soc. Am. B},
  volume={4},
  pages={1683},
  year={1987}
}

@article{palma1989gm,
  title={GM Palma and PL Knight, Opt. Commun. 73, 131 (1989).},
  author={Palma, GM},
  journal={Opt. Commun.},
  volume={73},
  pages={131},
  year={1989}
}


@article{agarwal1990cooperative,
  title = {Cooperative behavior of atoms irradiated by broadband squeezed light},
  author = {Agarwal, G. S. and Puri, R. R.},
  journal = {Phys. Rev. A},
  volume = {41},
  issue = {7},
  pages = {3782--3791},
  numpages = {0},
  year = {1990},
  month = {Apr},
  publisher = {American Physical Society},
  doi = {10.1103/PhysRevA.41.3782},
}


@article{ficek1990spontaneous,
  title = {Spontaneous emission from two atoms interacting with a broadband squeezed vacuum},
  author = {Ficek, Z.},
  journal = {Phys. Rev. A},
  volume = {42},
  issue = {1},
  pages = {611--617},
  numpages = {0},
  year = {1990},
  month = {Jul},
  publisher = {American Physical Society},
  doi = {10.1103/PhysRevA.42.611},

}


@article{ficek1991z,
  title={Z. Ficek, Phys. Rev. A 44, 7759 (1991).},
  author={Ficek, Z},
  journal={Phys. Rev. A},
  volume={44},
  pages={7759},
  year={1991}
}

@article{goldstein1996ev,
  title={EV Goldstein and P. Meystre, Phys. Rev. A 53, 3573 (1996).},
  author={Goldstein, EV},
  journal={Phys. Rev. A},
  volume={53},
  pages={3573},
  year={1996}
}

@article{turchette1998qa,
  title={QA Turchette, N. Ph. Georgiades, CJ Hood, HJ Kimble, and AS Parkins, Phys. Rev. A 58, 4056 (1998).},
  author={Turchette, QA},
  journal={Phys. Rev. A},
  volume={58},
  pages={4056},
  year={1998}
}

@article{murch2013kw,
  title={Reduction of the radiative decay of atomic coherence in squeezed vacuum},
  author={Murch, KW and Weber, SJ and Beck, KM and Ginossar, Eran and Siddiqi, I},
  journal={Nature},
  volume={499},
  number={7456},
  pages={62},
  year={2013},
  publisher={Nature Publishing Group}
}

@article{li2006preparing,
  title={Preparing entangled states of two atoms through the intensity-dependent interaction with the two-mode squeezed vacuum},
  author={Li, Fu-Li and Peng, Peng and Yin, Zhang-Qi},
  journal={Journal of Modern Optics},
  volume={53},
  number={14},
  pages={2055--2066},
  year={2006},
  publisher={Taylor \& Francis}
}

@article{carmichael1987,
  title = {Resonance fluorescence from an atom in a squeezed vacuum},
  author = {Carmichael, H. J. and Lane, A. S. and Walls, D. F.},
  journal = {Phys. Rev. Lett.},
  volume = {58},
  issue = {24},
  pages = {2539--2542},
  numpages = {0},
  year = {1987},
  month = {Jun},
  publisher = {American Physical Society},
  doi = {10.1103/PhysRevLett.58.2539},
}

@article{toyli2016resonance,
  title = {Resonance Fluorescence from an Artificial Atom in Squeezed Vacuum},
  author = {Toyli, D. M. and Eddins, A. W. and Boutin, S. and Puri, S. and Hover, D. and Bolkhovsky, V. and Oliver, W. D. and Blais, A. and Siddiqi, I.},
  journal = {Phys. Rev. X},
  volume = {6},
  issue = {3},
  pages = {031004},
  numpages = {13},
  year = {2016},
  month = {Jul},
  publisher = {American Physical Society},
  doi = {10.1103/PhysRevX.6.031004},
}

@article{kruse,
  title = {Improvement of an Atomic Clock using Squeezed Vacuum},
  author = {Kruse, I. and Lange, K. and Peise, J. and L\"ucke, B. and Pezz\`e, L. and Arlt, J. and Ertmer, W. and Lisdat, C. and Santos, L. and Smerzi, A. and Klempt, C.},
  journal = {Phys. Rev. Lett.},
  volume = {117},
  issue = {14},
  pages = {143004},
  numpages = {5},
  year = {2016},
  month = {Sep},
  publisher = {American Physical Society},
  doi = {10.1103/PhysRevLett.117.143004},
}

@article{bergeal2010analog,
  title={Analog information processing at the quantum limit with a Josephson ring modulator},
  author={Bergeal, N and Vijay, R and Manucharyan, VE and Siddiqi, I and Schoelkopf, RJ and Girvin, SM and Devoret, MH},
  journal={Nature Physics},
  volume={6},
  number={4},
  pages={296},
  year={2010},
  publisher={Nature Publishing Group}
}

@article{wang2018cavity,
  title={Cavity Attenuators for Superconducting Qubits},
  author={Wang, Z and Shankar, S and Minev, ZK and Campagne-Ibarcq, P and Narla, A and Devoret, MH},
  journal={arXiv preprint arXiv:1807.04849},
  year={2018}
}

@article{qin2018exponentially,
  title = {Exponentially Enhanced Light-Matter Interaction, Cooperativities, and Steady-State Entanglement Using Parametric Amplification},
  author = {Qin, Wei and Miranowicz, Adam and Li, Peng-Bo and L\"u, Xin-You and You, J. Q. and Nori, Franco},
  journal = {Phys. Rev. Lett.},
  volume = {120},
  issue = {9},
  pages = {093601},
  numpages = {7},
  year = {2018},
  month = {Mar},
  publisher = {American Physical Society},
  doi = {10.1103/PhysRevLett.120.093601},
}

