@article{You2018,
  title={Waveguide quantum electrodynamics in squeezed vacuum},
  author={You, Jieyu and Liao, Zeyang and Li, Sheng-Wen and Zubairy, M Suhail},
  journal={Physical Review A},
  volume={97},
  number={2},
  pages={023810},
  year={2018},
  publisher={APS}
}

@article{Bogoliubov,
  title={On the theory of superfluidity},
  author={Bogoliubov, N},
  journal={J. Phys},
  volume={11},
  number={1},
  pages={23},
  year={1947}
}
@article{An,
  title={Production of squeezed state of single mode cavity field by the coupling of squeezed vacuum field reservoir in nonautonomous case},
  author={Jun-Hong, An and Shun-Jin, Wang and Hong-Gang, Luo and Cheng-Long, Jia},
  journal={Chinese Physics Letters},
  volume={21},
  number={1},
  pages={1},
  year={2004},
  publisher={IOP Publishing}
}

@book{Ficek2005,
  title={Quantum interference and coherence: theory and experiments},
  author={Ficek, Zbigniew and Swain, Stuart},
  volume={100},
  year={2005},
  publisher={Springer Science \& Business Media}
}

@misc{scully1999quantum,
  title={Quantum optics},
  author={Scully, Marlan O and Zubairy, M Suhail},
  year={1999},
  publisher={AAPT}
}
@article{tanas2004stationary,
  title={Stationary two-atom entanglement induced by nonclassical two-photon correlations},
  author={Tana{\'s}, R and Ficek, Z},
  journal={Journal of Optics B: Quantum and Semiclassical Optics},
  volume={6},
  number={6},
  pages={S610},
  year={2004},
  publisher={IOP Publishing}
}
